@book{nltk,
  author = {Bird, Steven and Klein, Ewan and Loper, Edward},
  title = {Natural Language Processing with Python},
  year = {2009},
  isbn = {0596516495},
  publisher = {Oâ€™Reilly Media, Inc.},
  url = {https://www.nltk.org},
}
